2670 4674
151 405 266 490 ¹rm
351 336 367 472 J
440 389 530 460 aa
574 393 617 460 a
659 349 999 508 ι’ἑιιιιιιιιι.

174 556 326 662 'fuerunt
352 575 581 651 invidorum,
577 587 678 658 post
699 577 808 640 Burri
834 589 973 650 mortem
1003 575 1053 640 od
1077 575 1263 642 deteriores

161 678 368 751 inclinante
388 654 540 750 Nerone,
572 699 631 742 nec
658 676 747 744 tona
773 679 913 743 Senecae
937 675 1083 745 consilia
1112 679 1263 790 amplius

180 777 356 856 audiente,
377 783 465 845 hune
484 783 720 846 adorientium
818 850 822 858 ⁴

259 883 356 969 Ejus
383 887 494 948 uitam
523 869 661 966 praet'er
689 885 846 966 Lipsium
876 896 912 948 et
940 867 1045 948 Andr.
1079 879 1260 947 Schottune

176 1004 246 1048 non
266 985 487 1068 indiligenter
504 996 700 1069 persecutus
721 986 845 1048 creat
861 987 1028 1048 Antonius
1042 969 1181 1060 Delrio,
1197 991 1262 1074 qui

176 1082 298 1149 librum
324 1103 355 1154 Ω.
384 1089 641 1172 prolegomenon
671 1083 720 1150 ad
744 1087 933 1168 Syntagma
963 1085 1164 1163 tragoediae
1191 1086 1259 1150 lat

156 1189 272 1274 'uitae
298 1192 437 1256 Senecae
457 1191 690 1258 describendae
711 1186 905 1269 impendit(
928 1186 1026 1264 Aliis,
1039 1185 1262 1254 Christianus

173 1287 279 1372 plane
299 1280 478 1376 theolbgus
499 1295 594 1357 uisus
613 1287 691 1382 fuit
716 1293 850 1365 Seneca,
873 1293 995 1377 atheus
1019 1279 1118 1366 aliis,
1141 1289 1195 1354 ita
1216 1303 1260 1356 ut

166 1394 300 1456 nimias
320 1394 385 1459 alii
403 1397 556 1460 lauder'
543 1420 579 1460 en
600 1418 671 1461 eum
693 1393 911 1480 congerendo,
935 1391 999 1455 alii
1020 1395 1182 1464 conuiciis
1200 1395 1257 1456 vi·
1264 1421 1269 1430 ·

122 1515 125 1524 ·
173 1511 248 1554 rum
251 1494 434 1576 onerando
451 1514 485 1566 et
500 1501 702 1590 maledictis,
718 1497 850 1560 modurn
860 1499 1025 1582 utrinque
1039 1495 1257 1562 excesserint.

181 1593 234 1658 Ut
252 1618 346 1674 uero,
369 1613 401 1663 et
423 1603 713 1683 doctrinaecopia
734 1595 948 1662 ctscribendi
962 1581 1133 1676 elegantia
1154 1594 1259 1676 longe
1324 1601 1325 1608 ’

171 1698 380 1788 multumque
400 1696 550 1768 omnibus
572 1699 880 1766 obtrectatoribus
874 1701 947 1760 suis
961 1693 1179 1780 praestitisse
1198 1700 1258 1762 Se·

92 1851 97 1860 .
171 1819 306 1877 necam,
334 1825 411 1868 vere
433 1808 519 1871 mihi
537 1807 676 1870 videtur
695 1795 883 1898 affirmasse
906 1803 1084 1864 Muretus:
1112 1801 1165 1862 ita
1186 1822 1258 1865 non

173 1907 287 1983 magis
306 1907 442 1970 atheum
456 1899 577 1998 fuisse
596 1905 691 1974 illum
711 1899 898 1985 persuadeo
924 1901 1009 1962 mihi
1029 1884 1130 1988 quam
1154 1900 1257 1968 Chri·

169 2009 340 2082 stianum,
376 2031 434 2070 nec
461 2011 573 2090 magis
600 2005 866 2069 contaminatum
897 2001 1048 2064 omnibus
1075 1983 1257 2076 sceleribus

168 2103 426 2188 hypocritam,
424 2129 539 2193 quam
570 2129 615 2168 ex
646 2104 783 2170 Sanctis
810 2102 954 2186 aliquem
982 2117 1046 2166 aut
1066 2107 1255 2188 Angelum
1323 2121 1325 2132 ⁴

47 2267 49 2272 .
102 2195 106 2203 ’
169 2205 318 2270 sednon
340 2208 449 2278 malae
470 2209 597 2272 indolis
627 2228 732 2294 neque
753 2201 894 2277 absurdi
915 2205 1044 2292 judieii
1071 2209 1252 2320 hominene,

89 2297 90 2301 ¹
170 2309 232 2394 qui
252 2331 295 2372 ex
315 2307 539 2394 philosophia
565 2313 684 2374 Sto'ica
706 2296 838 2375 tantum
850 2300 1068 2395 profecerit,
1098 2305 1137 2374 ut'
1157 2315 1193 2374 in
1214 2337 1255 2377 se
1323 2373 1324 2378 ,

169 2406 418 2474 desdendereet
437 2405 678 2494 prouidentit‘ee
696 2407 836 2470 diuinae
856 2409 1125 2479 consideratione
1145 2417 1253 2477 susti·

116 2561 118 2570 ,
167 2530 248 2590 nere
273 2515 437 2587 animum,
470 2525 541 2576 tum
568 2513 760 2574 vanitatem
789 2507 986 2572 ambitionis
1011 2514 1253 2600 avaritiaeque

167 2623 203 2674 et
221 2613 418 2695 voluptatis
438 2614 687 2678 stultitiam
641 2626 822 2700 agnoscere
832 2615 987 2692 potuerit
1007 2615 1110 2675 etiam
1130 2615 1166 2678 in
1187 2613 1323 2722 af-

142 2711 316 2815 fluentia
344 2719 489 2779 omnium
517 2737 645 2788 rerum,
677 2716 713 2776 in
739 2715 951 2792 negotiorum
978 2713 1063 2775 mole
1091 2728 1127 2779 et
1146 2717 1252 2782 aulae

124 2819 340 2882 maximae
361 2819 446 2910 lnccu
467 2833 508 2880 ac
529 2811 818 2906 magnificentia;
826 2833 884 2898 que
878 2811 1058 2898 denique
1067 2836 1119 2879 res
1134 2835 1249 2883 secun

163 2918 230 2982 das
251 2939 318 2982 non
339 2923 448 2983 minus
470 2940 571 3005 quam
591 2915 757 2978 aduersas
777 2925 812 2976 et
830 2925 969 2976 mortem
991 2916 1100 2996 ipsam
1121 2917 1248 2982 didice·
1321 2997 1322 3004 ἵ

163 3021 214 3082 rit
226 3013 329 3112 ferre
342 3011 513 3115 fortiter,
538 3017 632 3103 quod
650 3037 717 3080 nan
737 3015 867 3108 uerbis,
898 3013 959 3078 sed
971 3009 1091 3106 sactis
1112 3019 1247 3105 dempn-
1321 3063 1322 3106 ι

126 3112 316 3196 strauit,·
339 3113 455 3210 facile
476 3121 580 3183 etiarn
600 3119 746 3200 praemii
766 3117 839 3179 loco
861 3114 995 3178 laturus
1013 3119 1109 3188 uitae
1129 3133 1164 3183 et
1182 3125 1245 3184 ho·
1321 3108 1322 3131 ¹

160 3231 282 3284 norum
302 3223 609 3303 propagationem,
640 3219 672 3279 si
692 3237 763 3278 earn
786 3203 943 3300 obsequio
964 3217 1220 3310 qualicunque
1206 3247 1245 3289 ιιι
1320 3275 1321 3306 ,

163 3321 315 3392 Neronis
335 3319 481 3412 efferens
501 3313 673 3449 cupidines
693 3315 728 3380 e't
749 3307 900 3408 funesta
928 3319 1010 3400 reip.
1031 3326 1173 3389 cornilio
1193 3349 1245 3392 re
1304 3317 1321 3404 l

157 3421 282 3514 dimere
300 3441 344 3482 vo
347 3421 510 3484 luicset

190 3525 413 3588 'Exstant
424 3526 498 3616 ejus
519 3523 562 3588 de
584 3525 648 3590 Ira
669 3519 750 3586 libri
767 3533 799 3600 3.
821 3521 870 3584 ad
890 3477 1069 3590 Nouatum
1083 3521 1242 3620 fratrem
1319 3555 1320 3614 ι

105 3609 109 3627 ’
155 3621 216 3687 sub
243 3623 404 3704 Caligula
426 3626 569 3710 scripti,
598 3625 647 3688 ad
669 3624 845 3690 Helviam
852 3639 991 3689 matrem
1014 3629 1055 3698 de
1079 3632 1258 3702 Concola
1319 3617 1320 3675 l

54 3753 67 3768 ·
153 3727 248 3790 tione
263 3725 380 3812 liber,
412 3730 637 3824 compositus,
670 3748 742 3788 cum
770 3729 936 3790 instinctu
966 3725 1216 3795 Messalinae
1201 3758 1240 3799 en
1318 3795 1319 3838 1

156 3825 330 3890 Corsicam
352 3829 498 3892 insulam
519 3851 542 3892 a
560 3829 600 3894 Cl
601 3827 737 3890 audio'
723 3841 929 3908 imperatore
946 3831 1115 3912 relegatus
1128 3851 1238 3910 esset;
1318 3861 1319 3947 ι

152 3925 237 3989 liber
258 3927 300 3990 de
324 3929 565 3996 Consolatione
585 3927 633 3990 ad
655 3933 705 3993 Po
706 3927 850 4016 lybiam,
874 3931 1024 4007 Claudii,
1047 3938 1102 3997 cui
1121 3958 1144 3998 a
1164 3949 1236 4001 stu-

93 4057 95 4061 ·
152 4030 222 4096 eliis
242 4023 337 4118 fuit,
361 4022 545 4106 libertum,
569 4025 709 4124 fratris
728 4045 838 4096 morte
857 4025 1042 4129 afflictum,
1073 4039 1234 4128 scriptus
1317 4037 1318 4078 ἶ

47 4145 69 4218 *Ι
149 4151 217 4208 reon
237 4134 310 4198 sine
331 4137 467 4208 erimine
480 4131 706 4214 adulationis,
728 4153 818 4200 anno
838 4135 972 4222 circiter
987 4135 1102 4202 exsilii
1115 4142 1233 4215 tertia,
